@article{article1,
    author    ="Lionel Clément,Benoit Sagot,Bernard Lang",
    title     ="Morphology based automatic acquisition of large-coverage lexica",
    journal   ="Université de Bordeaux",
    year      ="2004",
    pages     ="1-4",
    note      ="{\url{http://www.labri.fr/perso/clement/lefff/public/lrec04ClementLangSagot-1.0.pdf},,consult\'e le 20/01/2019}",
}
@article{article2,
    author    ="Lionel Clément,Éric Villemonte de la Clergerie,Pierre Boullier",
    title     ="The Lefff 2 syntactic lexicon for French: architecture, acquisition, use",
    journal   ="Université de Bordeaux",
    year      ="2004",
    pages     ="1-4",
    note      ="{\url{http://www.labri.fr/perso/clement/lefff/public/LREC06b.pdf},,consult\'e le 20/01/2019}",
}
