@MISC{WEBSITE:1,
	HOWPUBLISHED = "\url{https://app.moqups.com/GuillaumeNed33/Tr6FjBELx1/view}",
	AUTHOR = "Guillaume NEDELEC",
	TITLE = "Maquettes",
	MONTH = "Jan",
	YEAR = "2019",
	NOTE = "Accessed on 2019-01-30"
}
@ARTICLE{ARTICLE:2,
    AUTHOR="Benoit Sagot",
    TITLE="Informatiser le lexique",
    JOURNAL="Memoire",
    YEAR="2019",
}
@article{ARTICLE:3,
    author    ="Lionel Clément,Benoit Sagot,Bernard Lang",
    title     ="Morphology based automatic acquisition of large-coverage lexica",
    journal   ="Université de Bordeaux",
    year      ="2004",
    pages     ="1-4",
    note      ="{\url{http://www.labri.fr/perso/clement/lefff/public/lrec04ClementLangSagot-1.0.pdf},,consult\'e le 20/01/2019}",
}
@article{ARTICLE:4,
    author    ="Lionel Clément,Éric Villemonte de la Clergerie,Pierre Boullier",
    title     ="The Lefff 2 syntactic lexicon for French: architecture, acquisition, use",
    journal   ="Université de Bordeaux",
    year      ="2004",
    pages     ="1-4",
    note      ="{\url{http://www.labri.fr/perso/clement/lefff/public/LREC06b.pdf},,consult\'e le 20/01/2019}",
}
@MISC{PHP,
    HOWPUBLISHED = "\url{https://www.php.net}",
	AUTHOR = "The PHP Group",
	TITLE = "PHP: Hypertext Preprocessor",
	YEAR = "2019",
	NOTE = "Accessed on 2019-01-30"
}
@MISC{SYMFONY,
    HOWPUBLISHED = "\url{https://symfony.com/}",
	AUTHOR = "SensioLabs",
	TITLE = "Symfony, High Performance PHP Framework for Web Development",
	YEAR = "2019",
	NOTE = "Accessed on 2019-01-30"
}
@MISC{ANGULAR,
    HOWPUBLISHED = "\url{https://angular.io/}",
	AUTHOR = "Google",
	TITLE = "Angular",
	YEAR = "2019",
	NOTE = "Accessed on 2019-01-30"
}
@MISC{TYPESCRIPT,
    HOWPUBLISHED = "\url{https://www.typescriptlang.org/}",
	AUTHOR = "Microsoft",
	TITLE = "TypeScript - JavaScript that scales.",
	YEAR = "2019",
	NOTE = "Accessed on 2019-01-30"
}
@MISC{ES6,
    HOWPUBLISHED = "\url{http://es6-features.org/}",
	AUTHOR = "",
	TITLE = "ECMAScript 6: New Features: Overview and Comparison",
	YEAR = "2019",
	NOTE = "Accessed on 2019-01-30"
}
@MISC{MYSQL,
    HOWPUBLISHED = "\url{https://www.mysql.com/fr/}",
	AUTHOR = "Oracle",
	TITLE = "MySQL",
	YEAR = "2019",
	NOTE = "Accessed on 2019-01-30"
}
@MISC{JAVA,
    HOWPUBLISHED = "\url{https://www.java.com/fr/}",
	AUTHOR = "Oracle",
	TITLE = "java.com: Java et vous",
	YEAR = "2019",
	NOTE = "Accessed on 2019-01-30"
} 
